@article{kujala2011ux,
	title={UX Curve: A method for evaluating long-term user experience},
	author={Kujala, S. and Roto, V. and V{\"a}{\"a}n{\"a}nen-Vainio-Mattila, K. and Karapanos, E. and Sinnel{\"a}, A.},
	journal={Interacting with computers},
	volume={23},
	number={5},
	pages={473--483},
	year={2011},
	publisher={Oxford University Press},
	language={english}
}

@article{simons2005change,
	title={Change blindness: past, present, and future},
	author={Simons, D.J. and Rensink, R.A.},
	journal={TRENDS in Cognitive Sciences},
	volume={9},
	number={1},
	pages={16--20},
	year={2005},
	publisher={Elsevier},
	language={english}
}

@article{tufano2022using,
	title={Using Reinforcement Learning for Load Testing of Video Games},
	author={Tufano, R. and Scalabrino, S. and Pascarella, L. and Aghajani, E. and Oliveto, R. and Bavota, G.},
	journal={arXiv preprint arXiv:2201.06865},
	year={2022},
	language={english}
}

@article{baker2019emergent,
	title={Emergent tool use from multi-agent autocurricula},
	author={Baker, B. and Kanitscheider, I. and Markov, T. and Wu, Y. and Powell, G. and McGrew, B. and Mordatch, I.},
	journal={arXiv preprint arXiv:1909.07528},
	year={2020},
	language={english}
}

@inproceedings{casamayor2022bug,
	title={Bug localization in game software engineering: evolving simulations to locate bugs in software models of video games},
	author={Casamayor, R. and Arcega, L. and P{\'e}rez, F. and Cetina, C.},
	booktitle={Proceedings of the 25th International Conference on Model Driven Engineering Languages and Systems},
	pages={356--366},
	year={2022},
	language={english}
}

@inproceedings{eldahshan2022deep,
	title={Deep Reinforcement Learning based Video Games: A Review},
	author={ElDahshan, K.A. and Farouk, H. and Mofreh, E.},
	booktitle={2022 2nd International Mobile, Intelligent, and Ubiquitous Computing Conference (MIUCC)},
	pages={302--309},
	year={2022},
	organization={IEEE},
	language={english}
}

@inproceedings{bergdahl2020augmenting,
	title={Augmenting automated game testing with deep reinforcement learning},
	author={Bergdahl, J. and Gordillo, C. and Tollmar, K. and Gissl{\'e}n, L.},
	booktitle={2020 IEEE Conference on Games (CoG)},
	pages={600--603},
	year={2020},
	organization={IEEE},
	language={english}
}

@inproceedings{wang2016dueling,
	title={Dueling Network Architectures for Deep Reinforcement Learning},
	author={Wang, Z. and Schaul, T. and Hessel, M. and Hasselt, H. and Lanctot, M. and Freitas, N.},
	booktitle={International conference on machine learning},
	pages={1995--2003},
	year={2016},
	organization={PMLR},
	language={english}
}

@inproceedings{hasselt2016deep,
	title={Deep Reinforcement Learning with Double Q-Learning},
	author={Hasselt, H. and Guez, A. and Silver, D.},
	booktitle={Proceedings of the AAAI conference on artificial intelligence},
	volume={30},
	number={1},
	year={2016},
	language={english}
}

@online {lunarlanderv2,
	title = {Lunar Lander},
	organization = {OpenAI},
	medium={Электронный ресурс},
	url = {https://www.gymlibrary.dev/environments/box2d/lunar_lander/},
	urldate = {11.11.2022},
	language = {russian}
}

@online {rl4testing,
	title = {nir\_rl4testing},
	medium={Электронный ресурс},
	url = {https://github.com/MicAPic/nir\_rl4testing},
	urldate = {18.11.2022},
	language = {russian}
}

@misc{gym,
	Author = {Greg Brockman and Vicki Cheung and Ludwig Pettersson and Jonas Schneider and John Schulman and Jie Tang and Wojciech Zaremba},
	Title = {OpenAI Gym},
	Year = {2016},
	Eprint = {arXiv:1606.01540}
}

